3486 5602
623 364 821 448 LXXXVIII.
852 361 1092 419 COMPOSITAE.
1508 362 1560 417 165

195 518 294 585 Species
305 532 475 568 enumeramus
486 517 519 568 sd
528 519 601 578 9800,
609 525 721 569 00000000
732 518 776 567 elii
788 518 855 568 ultra
869 520 948 567 12000
960 516 1108 575 recondunt,
1117 532 1162 581 per
1172 517 1256 568 orbem
1276 522 1356 566 totum
1374 521 1497 566 terrarum
1508 515 1560 565 dis·

166 615 269 664 00000ος
287 597 313 646 10
324 596 466 662 regionibns
475 597 620 662 temperatis
629 596 780 662 subtrepicis
788 596 960 661 montanisque
971 596 1080 646 maxima
1088 596 1257 660 copieiigent,
1270 595 1347 646 necin
1355 595 1453 659 frigidis
1461 596 1561 648 arcticis

162 676 307 727 eumrcticis
323 675 464 740 alpinisqne
480 676 563 726 necin
576 675 729 741 planitiebus
747 676 850 741 tropicis
870 674 968 734 desunt,
981 691 1066 740 penca
1076 675 1103 723 in
1114 673 1236 738 aquaticis
1254 673 1410 725 inundatisve
1428 674 1560 739 regionum

161 761 365 821 temperaturum,
376 770 506 820 perpauca
517 754 544 804 in
555 755 634 820 sylvis
650 753 736 804 densis
747 754 814 806 ssia
832 753 962 804 orientalis
982 760 1008 803 et
1025 752 1134 817 regionis
1150 754 1302 803 Amazonum
1322 752 1442 803 Amerinis
1458 753 1560 818 tropiese

162 834 331 885 inveniuntur.
364 833 456 883 Tribus
468 832 545 882 etiem
556 835 678 898 pleraque
689 833 741 882 late
752 832 871 897 disperses
883 840 950 883 sunt.
968 832 1132 881 Ver-nonianus
1143 837 1226 880 tamen
1246 831 1283 880 uti
1302 831 1482 896 Eiipatoreucsoe
1492 832 1560 882 Heli·

162 913 296 962 nntkoe'dee
317 911 477 962 Hsleuioidea
493 919 520 962 00
529 913 681 962 Mulise'oeeoe
704 912 730 961 in
750 912 866 961 Amerina
885 912 1029 976 praevalent,
1049 911 1181 960 Inelue‘deoe
1198 909 1362 960 sommum
1384 911 1561 961 Culestdulaceoe

162 992 304 1043 Arctote'deoe
317 991 473 1058 Cyaaroe'deoe
489 998 515 1042 00
527 991 682 1041 00010οή00010
693 991 719 1040 in
731 991 790 1041 orbe
801 997 890 1051 vetere,
901 992 1045 1040 semum
1059 996 1085 1040 00
1102 990 1274 1039 memineo
1289 990 1341 1038 fere
1357 989 1448 1055 ubique
1465 990 1560 1040 inveni-

161 1081 244 1129 untur,
256 1069 351 1135 priores
363 1077 446 1119 tamen
457 1069 538 1134 quoad
549 1071 634 1119 orbem
646 1078 753 1120 veterem
765 1069 874 1119 maxima
884 1069 955 1135 eopia
967 1069 992 1118 in
1004 1067 1177 1133 hemisphaerio
1188 1067 1301 1118 australi.

195 1149 264 1199 Ordo
273 1149 384 1198 omnium
395 1149 553 1199 vastissimus
569 1155 595 1198 et
610 1165 684 1213 quam
701 1148 808 1198 maxims
826 1149 953 1205 naturalis,
965 1163 1055 1211 genere
1075 1148 1144 1197 nullo
1155 1148 1281 1210 hncmque
1299 1147 1398 1210 cognito
1416 1147 1450 1196 ad
1467 1148 1560 1197 limites

161 1228 285 1294 ambiguo.
319 1226 471 1277 Distributio
482 1236 566 1277 tumen
577 1227 604 1276 in
616 1228 697 1277 tribue
715 1227 892 1292 subtribusqne
912 1226 1088 1277 difficillimum
1105 1232 1151 1285 est,
1163 1226 1316 1276 characteres
1328 1225 1403 1289 primi
1414 1225 1508 1275 ordinis
1518 1226 1561 1275 de-

161 1312 227 1364 sunt,
239 1305 344 1371 gynoecii
362 1305 481 1355 sndroecii
493 1316 518 1355 et
528 1307 624 1355 fructus
636 1311 761 1355 structura
772 1306 798 1354 in
810 1314 863 1355 toto
874 1305 961 1356 ordine
972 1305 1104 1355 uniformis
1115 1312 1160 1362 est
1171 1320 1290 1391 generum
1308 1319 1495 1353 numeroeomm
1511 1303 1562 1353 dis·

161 1384 293 1435 tinctiones
312 1383 379 1433 inter
397 1383 556 1433 secundariae
578 1384 697 1448 petendae,
720 1384 843 1450 imprimis
862 1402 876 1433 e
896 1385 1052 1434 bractearum
1070 1383 1203 1449 (involucri
1220 1384 1376 1434 bractearum
1392 1391 1418 1432 et
1433 1384 1561 1448 pulsurum

162 1462 323 1528 receptaculi)
345 1461 437 1520 indole,
458 1478 561 1512 sexuum
589 1462 759 1526 superstitione,
782 1464 929 1513 corollnrum
957 1464 1046 1521 forms,
1066 1462 1227 1512 anthemum
1248 1462 1354 1526 stylique
1377 1461 1561 1526 appendicibus,

162 1541 330 1592 achaeniorum
346 1543 427 1591 forms
438 1548 541 1591 externa
552 1549 576 1590 et
588 1541 663 1607 pappi
675 1541 780 1606 (calycis
797 1541 983 1607 rudimenterii)
1001 1541 1083 1591 indole
1095 1541 1228 1593 sumendae.
1261 1541 1297 1590 Hi
1309 1557 1393 1590 omnes
1406 1541 1562 1591 characteres

160 1621 199 1672 ita
210 1621 299 1671 incerti
311 1627 370 1670 eunt
382 1628 410 1669 nt
423 1621 489 1670 inter
499 1620 579 1670 tribus
591 1621 624 1670 ab
635 1621 779 1671 unctoribus
791 1620 917 1685 hucusque
928 1621 1068 1686 propositos
1079 1637 1102 1670 v.
1115 1636 1131 1670 a
1142 1621 1214 1670 nobis
1226 1620 1317 1670 ascitos
1331 1619 1486 1672 celerem
1502 1622 1562 1671 sola

160 1698 283 1750 limitibus
294 1698 440 1749 certioribus
451 1697 643 1764 circumscripta
655 1707 721 1759 sunt,
734 1707 828 1750 caeterae
837 1714 923 1749 omnes
934 1698 1069 1762 generibus
1080 1698 1138 1764 plns
1149 1697 1231 1748 minus
1242 1697 1366 1763 ambiguis
1374 1715 1398 1750 v.
1406 1698 1561 1750 intermediis

158 1783 349 1828 connectuntur.
758 1839 763 1851 .

148 1852 153 1859 '
728 1870 826 1905 rosum
843 1871 989 1908 ennomus.

194 1963 312 2028 Capitale
341 1963 512 2029 Ipsum-flora
532 1962 558 2011 in
577 1963 744 2025 glomernlum
763 1963 972 2027 capitulilormem
994 1961 1174 2027 aequniflorum
1193 1977 1217 2012 v.
1237 1962 1364 2012 radiatum
1382 1969 1517 2026 aggregate
1534 1962 1562 2013 in

160 2041 352 2107 Lycluophoreis
370 2041 595 2098 Vemonmceemrn,
608 2041 634 2089 in
647 2041 811 2090 snbtribubus
822 2055 854 2092 00
866 2041 1056 2098 Ineloidearwe
1069 2041 1095 2090 in
1106 2041 1227 2106 Laqueo
1236 2040 1484 2100 Heliuntltoideurum,
1498 2041 1561 2106 Syve-

159 2120 319 2185 erpkelunllo
338 2120 557 2177 Helenioideerum,
578 2119 668 2169 OEdero
695 2118 917 2178 lustramenta,
940 2119 1080 2168 Gueedclt'ees
1101 2119 1304 2177 descendentem,
1327 2126 1354 2168 et
1381 2119 1562 2185 Echinopnideis

162 2198 380 2264 Gymmideurum.

194 2277 319 2326 Insolucri
331 2278 437 2327 bractea
447 2276 473 2326 in
484 2292 593 2327 messem
604 2283 730 2336 concreta
744 2277 819 2325 flores
839 2276 968 2326 loemineos
985 2276 1097 2341 apotolos
1109 2283 1135 2326 et
1145 2275 1256 2326 uehens
1273 2282 1341 2326 arcte
1352 2275 1490 2335 includunt,
1503 2293 1560 2326 ove·

163 2353 276 2419 rinmque
287 2363 313 2404 et
324 2363 410 2419 postea
420 2357 529 2404 fructum
542 2354 737 2404 indehisoentem
752 2354 944 2403 l-‘l-locularem
955 2353 1076 2404 simulent
1087 2355 1113 2404 iu
1125 2354 1270 2404 Arabe-osiris
1280 2353 1403 2420 plurimis.

193 2434 351 2498 Receptaculi
363 2434 490 2482 limbrilles
500 2432 574 2482 valde
585 2442 665 2482 auctae
676 2441 702 2481 et
714 2433 740 2480 in
752 2449 861 2482 messum
873 2441 993 2482 concreta
1004 2432 1116 2483 achaenin
1128 2433 1155 2482 in
1166 2433 1271 2484 alveolis
1281 2433 1382 2484 omnino
1392 2432 1524 2483 includunt
1533 2433 1561 2484 iu

162 2512 306 2570 libertinis,
318 2512 453 2570 Bulsinius,
466 2518 491 2560 et
502 2512 649 2560 Arctoudets
660 2511 794 2561 nonnullis.
1572 2516 1575 2529 ⁸

192 2591 280 2640 Florem
299 2595 315 2652 ῼ
334 2590 429 2639 corolla
439 2599 525 2639 carent
536 2590 562 2638 in
574 2589 720 2639 Ambrossos
733 2590 885 2656 Gotulemqus
895 2590 1030 2649 nonnullis,
1043 2597 1069 2640 et
1080 2590 1106 2639 in
1123 2590 1245 2655 limpide.

167 2680 169 2684 ⁴
191 2669 311 2717 Antherae
322 2669 366 2718 rix
375 2669 498 2718 colraerent
509 2684 532 2717 v.
544 2668 611 2717 inter
622 2685 648 2717 se
661 2668 746 2718 liberae
758 2675 818 2718 sunt
829 2670 855 2718 in
863 2669 1009 2720 Ambrosias
1021 2668 1155 2728 nonnullis,
1166 2669 1192 2718 in
1205 2668 1438 2729 flammantior-m
1456 2669 1561 2720 evoluta

157 2746 202 2797 sed
222 2745 316 2812 polline
334 2746 461 2796 destitutae
477 2753 502 2795 et
519 2746 620 2796 omnino
631 2746 717 2797 liberae
728 2746 756 2796 in
767 2748 870 2796 floribus
890 2753 907 2810 0
926 2746 1040 2806 Petrobe'e',
1052 2746 1182 2808 Podantle]
1194 2747 1346 2798 11000100
1364 2750 1430 2798 forte
1450 2748 1491 2798 hic
1506 2748 1562 2800 illic

157 2840 277 2890 generum
288 2825 394 2876 aliorum
406 2841 582 2891 perpaucorum
593 2825 684 2890 quibus
695 2825 807 2890 capitula
819 2825 901 2875 dioica
911 2842 936 2875 v.
948 2824 1086 2876 subdioies.

191 2904 278 2969 Stylns
295 2903 354 2954 hinc
365 2903 423 2953 iude
436 2904 527 2954 andus
538 2904 645 2954 occurrit
656 2904 683 2954 in
694 2903 771 2955 variis
787 2901 928 2969 generibus,
936 2920 994 2954 mro
1005 2911 1097 2966 tamen,
1108 2920 1154 2955 nec
1164 2920 1274 2969 unquam
1285 2905 1311 2954 in
1323 2905 1439 2956 omnibns
1456 2906 1561 2957 floribus

160 2984 235 3033 nnius
246 2983 388 3049 speciminis
399 2984 592 3034 observavimus.

191 3063 255 3127 Styli
267 3063 292 3113 n.
313 3066 329 3124 9
348 3061 412 3115 rami
423 3062 560 3127 saepissime
579 3070 674 3121 tenues,
687 3062 854 3112 observentur
872 3067 957 3113 tamen
973 3062 1032 3128 plns
1048 3060 1131 3113 minus
1148 3062 1249 3112 dilatati
1261 3061 1288 3113 iu
1303 3059 1515 3125 Terclomntlee's,
1532 3063 1560 3114 in
1642 3079 1646 3082 ·

159 3142 292 3206 generibus
302 3142 389 3207 paucis
399 3141 622 3201 Anthemideurum,
633 3147 659 3191 00
669 3140 729 3190 hinc
740 3140 798 3191 inde
810 3143 837 3191 in
848 3142 907 3192 eliis
918 3141 1043 3193 tribubus.

192 3220 356 3292 Cotyledonee
366 3220 546 3286 conduplicata
557 3236 581 3269 v.
592 3219 732 3270 convolute
744 3219 770 3268 in
779 3219 897 3280 Ballista,
904 3220 932 3270 in
944 3219 1073 3286 speciebus
1080 3218 1209 3271 nonnullis
1221 3220 1315 3286 (necin
1326 3219 1454 3285 omnibns)
1466 3220 1558 3271 Robin-

157 3301 236 3358 000ιὲ0,
249 3310 275 3349 00
285 3299 344 3349 hinc
355 3299 412 3349 inde
428 3301 497 3349 intus
508 3314 620 3349 concavae
631 3316 654 3349 v.
666 3299 769 3349 sneatae
779 3316 803 3350 v.
815 3315 865 3348 nne
876 3299 988 3364 longiore
1004 3299 1075 3365 apice
1091 3300 1183 3350 inflexa
1195 3300 1221 3349 in
1234 3299 1411 3366 speciminibus
1429 3300 1558 3353 nonnullis

157 3378 305 3439 Bultimorae,
319 3379 475 3443 &leemps
492 3377 665 3444 Gyresolom
676 3385 701 3427 et
712 3379 777 3428 forte
788 3379 895 3428 eliorum
906 3394 1040 3444 paucorum
1052 3394 1177 3443 generum.

385 3527 528 3584 Tmnuuu
546 3544 800 3590 snsrarsnusrour
818 3544 1001 3584 consuamus
1018 3528 1156 3600 (exeeptis
1174 3529 1327 3600 neglectis).

188 3647 338 3693 mum.
370 3647 604 3692 vernonium.
638 3640 922 3706 Cepitulehomogsma,
934 3639 1086 3690 tubulillora.
1120 3639 1239 3690 Antherae
1250 3641 1306 3690 basi
1323 3642 1455 3705 sagittata.
1489 3640 1555 3704 Styli

155 3720 464 3780 ramisnbnlnti,hirlelli.
496 3721 569 3770 Folia
580 3720 716 3785 sepissime
733 3720 838 3772 alterne.
873 3719 978 3770 Corollm
993 3735 1120 3783 nunquam
1131 3720 1208 3771 flava.
1242 3719 1344 3785 Puppus
1356 3720 1446 3784 eeepins
1457 3726 1556 3770 setosus

155 3815 179 3850 v.
190 3801 328 3864 peleecene.

188 3892 321 3942 Subtribns
335 3897 356 3942 1.
389 3891 574 3942 Euvernoniem.
609 3890 725 3956 Capitale
737 3891 849 3941 dmin.

187 3970 321 4020 Subtribns
333 3974 356 4021 2.
390 3969 595 4035 Lychnophoreae.
633 3969 748 4034 Caps'tdu
767 3972 856 4034 sepius
877 3975 901 4017 l·
917 3985 939 4019 v.
952 3969 1105 4035 pueri-,liora
1124 3971 1151 4019 ies
1167 3969 1327 4037 phrase-idum
1347 3967 1551 4034 capitulisomem

154 4055 295 4115 nppreyaea.
358 4062 360 4068 ’

176 4158 355 4204 'murm
388 4160 628 4214 Ιιιυαωιίωοω.
656 4151 1097 4220 Capitnlehomogamatnbnliflora
1115 4152 1462 4218 Anthersebssisnbintegrae.
1482 4156 1548 4220 styli

154 4233 728 4300 ramisubteretee‚obtueibreriterpnpilloei.
762 4234 834 4284 Folia
846 4235 959 4300 opposita
968 4252 990 4286 v.
998 4236 1102 4285 alterna
1136 4235 1241 4285 Corollae
1252 4234 1333 4284 rarius
1344 4230 1493 4285 ochroleucae
1505 4252 1549 4286 nec

155 4326 212 4361 vera
223 4312 301 4362 flavae.
335 4313 436 4378 Peppns
448 4313 538 4378 saepius
550 4320 654 4364 setosus.

187 4404 321 4453 Subtribus
335 4409 356 4454 l.
390 4405 532 4470 Piquerieoe.
566 4404 886 4470 Aethereopieetruecatoe
897 4405 1123 4471 enuppcadiculnta.
1157 4405 1271 4455 measa
1283 4408 1408 4454 60001000.

187 4481 356 4533 Subtribuet.
390 4486 527 4547 Agerstem.
561 4483 960 4549 Aetheroenpiceoppeodiculutoe.
993 4483 1107 4534 Armis
1118 4487 1243 4534 00000000.

187 4559 320 4611 Subtribus
333 4566 355 4612 3.
390 4561 574 4627 Adonostylem.
608 4561 1009 4628 Antkmoeupe'ceoppeudieslntoe.
1043 4561 1158 4612 selem
1170 4565 1343 4612 8-10eoeteta.

186 4683 299 4731 vribus
317 4687 379 4730 m.
413 4688 614 4732 Aeserniam
647 4681 766 4746 Cupitula
787 4682 946 4746 heterogame
965 4681 1064 4731 radiata
1080 4698 1104 4731 v.
1116 4681 1310 4741 disciformis,v.
1332 4681 1403 4732 rndio
1420 4682 1547 4739 deficiente

153 4756 306 4822 moguntia
342 4760 461 4810 Anthene
477 4762 532 4810 basi
554 4761 657 4820 obtnsae,
673 4759 832 4825 subintograe.
866 4761 1013 4825 Stylirami
1037 4761 1195 4826 complanasti,
1214 4761 1398 4826 appendiculati
1426 4763 1546 4828 (exceptis

154 4835 344 4901 Buccbarideis).
368 4838 704 4904 Foliasaepissimeulterna.
738 4839 931 4904 Receptaculnm
942 4839 1189 4904 saepissimenndum.
1225 4841 1331 4891 Corollae
1342 4841 1404 4892 disci
1412 4842 1548 4906 sepissime

153 4913 232 4968 flavae.
245 4917 307 4965 medii
320 4917 498 4966 homochmmae
508 4935 531 4968 v.
543 4918 740 4968 heterochromae.

188 5008 321 5058 Subtribns
331 5013 350 5058 1,
386 5007 595 5060 Homochromsae.
632 5010 732 5060 Corolloe
747 5014 763 5074 0
776 5011 836 5061 dum
847 5011 931 5060 adsint
939 5009 1055 5076 lupuleto,
1065 5012 1097 5060 iis
1107 5011 1169 5061 disci
1182 5013 1321 5071 0000010000,
1333 5015 1462 5076 :opnione
1467 5011 1546 5072 flor-(r.
