3486 5602
55 368 58 372 ’
143 365 331 438 Asteroideoe]
609 368 807 423 LXXXVIII.
842 370 1082 427 COMPOSITAE.
1489 379 1543 435 273

176 520 248 570 Ι11Α.
260 524 381 572 6611666166
393 508 507 588 (inelueis
519 523 548 571 A.
563 521 729 587 nmaooephelo
740 529 766 572 et
776 525 805 572 A.
818 523 960 586 iaaloefolio,
972 525 1064 591 Boiss.)
1081 526 1252 593 affinibusque,
1264 536 1293 578 ut
1304 538 1330 579 et
1340 531 1365 580 in
1383 531 1540 599 Diplepeppo

139 599 299 658 molliusecdo,
307 600 511 664 Lind1.,aliisque
523 601 645 658 affinibus,
654 601 850 666 remit-cephali
858 621 881 653 v.
889 603 999 669 capitula
1011 606 1084 670 louge
1092 606 1255 671 pedunculata
1265 619 1289 657 et
1301 610 1421 660 involucri
1432 611 1538 662 bracteae

139 678 313 742 pauciseriatoe
324 695 459 744 parumque
471 680 606 745 inaequales
618 688 676 729 suut
687 688 716 728 ut
727 680 752 729 in
770 681 908 747 Alpipeae'o,
918 683 961 731 sed
979 691 1075 733 statura
1086 685 1174 734 elatior
1191 695 1217 735 ct
1233 687 1339 737 bracteae
1355 699 1468 752 angustae
1486 693 1538 741 lero

144 756 320 807 Orthmaen'ds'e
331 774 375 807 nee
386 758 503 808 foliacese.
537 759 636 824 Species
648 775 733 808 omues
750 768 905 824 gerontogem
922 774 988 819 sunt,
1001 765 1156 828 receptaculo
1167 765 1219 813 lato
1230 781 1346 816 convexo.
1380 768 1460 833 Pappi
1479 779 1538 820 setae

140 835 274 885 exteriores
284 836 437 886 abbreviatae
448 837 550 886 variant
561 854 626 887 nune
636 838 743 902 copiosae
752 855 817 888 nunc
828 855 913 903 paucae
923 857 1052 905 perpaucae
1063 859 1086 891 v.
1098 843 1228 892 subnullae.

174 915 333 974 eranms,
345 917 416 966 Nea.
428 918 456 965 ia
472 917 646 966 7161161466.
659 918 723 968 Phil.
737 918 789 968 See.
799 935 843 968 ser.
854 923 877 969 2.
888 920 928 970 111.
939 924 995 978 297,
1005 937 1035 970 ex
1047 921 1161 971 America
1173 922 1268 971 boreali
1286 940 1342 973 eum
1363 926 1533 986 ansmnm,

139 993 205 1043 Leee.
222 996 250 1043 in
267 995 377 1053 aranea,
390 996 423 1046 ri.
438 1000 492 1054 119,
506 995 558 1045 00.
579 996 652 1045 Prod.
665 1012 688 1046 v.
702 1000 757 1054 278,
771 1003 796 1046 61
812 1000 1028 1057 Aacrooesonrs,
1046 1000 1099 1049 Do.
1118 1000 1191 1050 Prod.
1204 1018 1226 1051 r.
1240 1006 1296 1060 260,
1318 1020 1349 1052 ex
1360 1005 1421 1054 Asia
1439 1007 1536 1057 boreali

138 1073 320 1123 subsectionem
331 1075 442 1124 formant
456 1073 637 1134 orctoneride,
649 1074 762 1124 caulibus
774 1093 787 1124 e
798 1076 899 1126 caudice
906 1094 989 1127 craeso
996 1078 1113 1127 brevibus
1122 1079 1306 1145 monocephalis
1315 1097 1338 1131 r.
1348 1081 1534 1149 oligocephalis,

139 1151 256 1202 amentis
273 1152 479 1213 sericeo-villosis,
491 1151 560 1202 villis
577 1154 680 1202 summis
698 1154 853 1218 longioribus
864 1172 920 1205 cum
940 1157 1017 1222 pappi
1038 1156 1099 1207 setis
1117 1158 1279 1210 exterioribus
1297 1161 1450 1211 abbreviatis
1470 1180 1535 1229 saepe

139 1231 213 1281 facile
223 1231 343 1282 confusis.
378 1232 483 1282 Corolloe
494 1232 556 1282 disci
568 1232 595 1280 in
607 1232 758 1281 alemena
770 1233 898 1284 bilabiatae
909 1235 1034 1294 dicuntur,
1053 1236 1118 1301 quod
1130 1236 1156 1286 in
1168 1237 1344 1302 speciminibus
1357 1241 1449 1290 nostris
1466 1241 1534 1292 haud

138 1317 249 1376 apparet.

172 1390 348 1447 Eumaeus,
360 1389 429 1441 Nate.
442 1392 469 1439 ia
485 1389 570 1440 216116.
581 1392 661 1440 Amer.
674 1390 737 1442 Phil.
752 1392 803 1442 Soc.
816 1408 860 1444 ser.
874 1396 897 1444 2.
908 1393 950 1444 111.
964 1398 1019 1453 298,
1032 1395 1126 1460 species
1138 1395 1245 1446 includit
1260 1396 1443 1458 Ortlemeridb,
1461 1399 1529 1464 oapi·

138 1469 201 1519 tulis
211 1468 369 1534 corymbosis.
1266 1456 1276 1481 ⁹

171 1549 395 1608 hammonem,
408 1548 459 1600 DC.
472 1549 546 1600 Prod.
558 1563 581 1600 r.
596 1551 652 1609 267,
667 1548 740 1600 Mem.
756 1550 836 1616 Cemp.
851 1557 868 1601 t.
882 1558 904 1609 4,
915 1559 953 1601 est
963 1555 993 1602 A.
999 1551 1158 1619 soetiqiotue,
1171 1561 1234 1604 teste
1245 1554 1335 1605 Ledeb.
1354 1556 1388 1606 lc.
1409 1555 1447 1605 Fl.
1460 1554 1533 1607 Ross.
1577 1573 1580 1577 ·

138 1634 156 1677 t.
171 1630 225 1686 161,
244 1628 336 1693 species
347 1627 460 1679 Asiatica
476 1629 504 1679 A.
517 1628 571 1677 elbo
587 1627 676 1678 habitu
695 1628 821 1687 accedens,
840 1630 911 1680 nullo
922 1630 1062 1681 charactere
1079 1632 1112 1682 ab
1128 1634 1223 1683 Asteris
1239 1633 1347 1684 sectione
1368 1633 1533 1686 ortbneride

135 1706 237 1756 differre
248 1707 352 1758 videtur.
387 1707 466 1773 Pappi
480 1714 539 1757 setae
550 1707 686 1757 exteriores
698 1707 850 1758 abbreviatae
862 1707 961 1758 omnino
972 1709 1070 1760 desunt.
1115 1736 1120 1746 .

172 1785 365 1843 Dmmoxam,
377 1787 442 1845 Nece,
459 1787 517 1837 Gen.
530 1792 553 1835 et
565 1787 607 1852 sp.
620 1790 672 1837 Ast.
685 1791 739 1844 177,
752 1787 833 1851 quoad
845 1787 938 1852 species
949 1789 1112 1839 Americanas
1123 1807 1138 1839 a
1148 1789 1285 1841 Caudolleo
1296 1792 1328 1841 ad
1336 1791 1531 1858 Dirilestepds'em

137 1881 154 1916 a
165 1867 235 1916 Torr.
248 1874 273 1915 et
285 1866 328 1916 Gr.
340 1865 373 1916 ad
392 1867 574 1932 Diplopoppum
589 1867 690 1924 relatas,
709 1867 782 1916 nobis
798 1868 899 1916 omnino
910 1883 965 1916 cum
983 1869 1076 1917 Asteris
1093 1869 1201 1918 sectione
1216 1870 1382 1919 Ortbomeride
1400 1873 1532 1923 convenire
1585 1856 1590 1865 Ι

136 1943 244 1995 videtur.
278 1945 358 2011 Pappi
370 1952 430 1994 setse
441 1945 574 1995 exteriores
585 1945 737 1994 abbreviatae
749 1946 840 2010 saepius
851 1945 957 2010 eopiosae
973 1950 1039 1996 sunt.
1073 1945 1229 2013 Dellinqerie
1246 1948 1338 2007 scabra,
1356 1948 1408 2000 DC.
1420 1949 1495 2002 Prod.
1508 1968 1530 2002 r.

138 2019 194 2081 263,
203 2041 233 2073 ex
244 2024 359 2088 Japouia,
372 2035 411 2074 est
423 2025 486 2073 torte
498 2026 526 2077 A
539 2023 668 2086 semifelio
680 2022 770 2081 affluis,
782 2021 826 2072 sed
837 2024 948 2089 capitula
961 2024 1092 2088 3·ligulata
1103 2025 1228 2075 dicuntur.
1262 2027 1293 2075 D.
1307 2027 1465 2094 trichecerpo,
1479 2027 1531 2080 DC.

137 2102 154 2152 l
172 2119 192 2153 6.
212 2120 242 2152 ex
262 2101 851 2166 0111611,Α1166616161116,Β611111.,661>661611116
869 2100 1024 2151 Americanis
1042 2101 1125 2152 differt
1142 2103 1216 2169 pappi
1234 2104 1294 2154 setis
1306 2104 1459 2158 abbreviatis
1476 2126 1531 2174 per·

137 2181 224 2246 paucis
236 2197 258 2232 v.
271 2182 404 2231 subnullis.

170 2264 193 2314 7.
212 2261 382 2310 termarum.
416 2259 541 2309 Involucri
550 2258 718 2323 campanulati
728 2271 751 2309 1.
759 2256 881 2308 turbinati
890 2258 995 2309 bracteae
1003 2259 1181 2325 pauciseriatae,
1189 2261 1340 2322 lanceolata,
1349 2265 1530 2326 subbarbaceae,

136 2356 202 2404 saepe
218 2341 371 2404 marginata,
388 2339 521 2389 exteriores
538 2338 663 2402 gradatim
681 2339 795 2387 minores.
830 2337 949 2388 Achaenia
961 2353 1108 2403 compressa,
1125 2339 1243 2404 utrinque
1262 2344 1414 2394 3-4-nervia.
1449 2342 1531 2411 Pappi

135 2427 195 2468 setae
218 2418 331 2483 copiosae,
351 2417 541 2474 υπὸ-26611616,
565 2433 653 2481 parum
676 2417 810 2495 inaeqpales
825 2433 847 2467 v.
866 2416 999 2466 exteriores
1021 2417 1154 2467 breviores.
1189 2420 1278 2470 Ocules
1300 2439 1366 2472 nune
1389 2423 1529 2473 brevissimi

136 2497 269 2561 leophali,
282 2513 347 2546 nunc
359 2495 449 2564 saepius
466 2494 625 2546 ascendentes
642 2495 812 2560 oligocephali.
847 2495 945 2560 Species
960 2495 1033 2544 nobis
1046 2504 1109 2545 notae
1122 2500 1136 2544 2
1148 2497 1260 2556 Andime,
1272 2502 1301 2549 A.
1320 2504 1482 2566 11161ρὶ66166,
1495 2502 1528 2552 H.

132 2575 163 2626 B.
177 2584 201 2625 et
214 2575 255 2634 Κ,
268 2585 294 2624 61
304 2579 332 2625 A.
346 2576 444 2634 66116116,
454 2571 540 2625 Wedd
554 2576 636 2625 Chlor.
649 2574 713 2624 And.
726 2583 744 2624 t
758 2578 789 2624 33
800 2577 839 2633 A,
849 2583 875 2624 et
887 2578 901 2624 2
913 2590 935 2624 v.
949 2577 963 2623 3
977 2574 1106 2624 Chilenses
1114 2576 1332 2642 Bonariensesque,
1345 2580 1529 2629 Norrcssraum

133 2655 291 2713 adscendens,
305 2653 356 2710 DC.
369 2654 442 2705 Prod.
455 2671 476 2704 r.
490 2656 545 2711 279,
559 2661 584 2703 61
595 2655 740 2703 Amorum
759 2661 817 2703 sect.
831 2653 965 2718 Leucepsis,
977 2653 1029 2703 De.
1042 2653 1115 2703 Prod.
1128 2671 1151 2703 v.
1166 2658 1213 2703 313
1226 2655 1409 2722 (Diplopeppee
1420 2661 1530 2727 66116616,

134 2736 213 2792 lese..
226 2741 251 2783 et
262 2735 292 2784 Ι),
305 2732 417 2795 diffusae,
429 2733 509 2783 Hook
522 2740 549 2783 et
559 2736 619 2784 Aru.
632 2732 658 2782 in
671 2733 756 2798 Comp.
768 2732 823 2783 Bot.
837 2732 904 2798 Mag.
917 2733 943 2783 ii.
957 2736 996 2792 47,
1009 2734 1060 2797 48).
1096 2732 1191 2797 Ligulae
1208 2732 1234 2783 iu
1253 2735 1291 2783 his
1304 2752 1317 2784 e
1329 2736 1442 2785 Tweedio
1454 2738 1529 2786 versi·

134 2814 237 2871 colores,
249 2813 340 2878 sepius
351 2813 539 2863 candidissima.

169 2897 192 2942 8.
210 2893 386 2942 Heterasteam.
421 2891 579 2942 Involucrum
592 2897 618 2942 et
629 2891 730 2942 habitus
745 2891 887 2949 Notbeetri,
906 2890 949 2941 sed
966 2890 1076 2941 arhecnia
1093 2891 1211 2956 utrinque
1229 2893 1342 2942 l-ner'via
1353 2909 1375 2943 r.
1389 2894 1488 2944 enervia
1505 2903 1533 2945 et

134 2972 210 3038 pappi
223 2980 282 3021 setae
293 2973 376 3020 minos
387 2970 491 3036 copiosae
507 2971 696 3021 sub-lacrimae.
731 2971 827 3035 Species
846 2969 901 3027 3-4,
920 2970 1050 3020 Chilenses
1062 2987 1084 3021 v.
1096 2971 1243 3029 Bolivianse,
1256 2977 1284 3022 A.
1302 2973 1390 3030 Vellei,
1404 2973 1484 3023 Hook.
1504 2981 1533 3023 et

134 3055 211 3110 Arn.;
229 3051 310 3101 Hook.
328 3050 362 3100 lc.
381 3050 420 3100 Pl.
437 3059 454 3101 t.
469 3054 516 3101 486
528 3050 657 3116 (1211961611
675 3048 763 3107 Vettii,
775 3046 908 3114 Gaudich.)
921 3057 946 3099 et
958 3050 1076 3116 &iperoa
1093 3050 1293 3115 limnophilotdes,
1311 3051 1364 3101 Sch.
1382 3052 1436 3118 Bip.
1451 3052 1476 3100 in
1489 3052 1530 3103 Pl.

134 3131 222 3181 Mnnd.
234 3148 284 3180 oxs.
297 3148 320 3181 u.
335 3131 391 3188 225,
404 3132 452 3179 226
464 3132 592 3196 (1211961611
604 3147 626 3180 r.
639 3131 716 3187 Aster,
729 3130 828 3195 Spruce,
840 3129 878 3179 Pl.
890 3147 943 3179 exa.
956 3147 980 3178 n.
993 3133 1077 3193 6662),
1091 3137 1115 3179 61
1127 3130 1154 3180 Ε.
1168 3130 1296 3188 Mandoni,
1309 3131 1364 3180 Sch.
1377 3132 1432 3194 Bip.
1445 3133 1461 3180 l.
1471 3149 1492 3182 c.
1503 3149 1529 3182 n.

135 3213 192 3267 227,
218 3211 286 3275 prior
302 3214 331 3259 A.
352 3212 498 3275 merpinuto,
519 3210 570 3259 haee
588 3214 615 3259 A.
637 3209 719 3258 666611
735 3209 871 3265 simillima,
891 3216 995 3272 utraque
1015 3215 1098 3257 tarmen
1117 3209 1235 3258 achaeniis
1252 3225 1381 3274 pappoque
1399 3209 1528 3260 distincta.

133 3290 216 3339 Sestio
224 3290 290 3339 inter
298 3293 405 3339 Asterm
413 3296 439 3338 et·
448 3290 610 3354 &peronem
618 3288 726 3336 medium
734 3294 808 3337 tenet.
843 3286 1002 3336 Incolucrum
1013 3287 1111 3350 prioris,
1122 3287 1198 3352 pappi
1206 3295 1265 3337 sete
1276 3304 1350 3352 quam
1361 3289 1387 3336 iu
1398 3289 1530 3355 Emporon·

134 3368 199 3417 tibae
210 3369 334 3433 plerisque
345 3367 499 3431 copiosiores,
511 3382 585 3430 quam
598 3367 623 3414 in
633 3366 758 3415 Asteribes
770 3366 892 3430 plerisque
904 3365 1038 3428 pauciores.
1074 3367 1131 3414 Huc
1142 3367 1219 3415 etiam
1226 3366 1393 3416 verisimiliter
1401 3368 1528 3432 pertinent

132 3447 274 3496 bbticostre
283 3447 431 3511 Remyanae
444 3446 524 3504 Chile,
541 3445 619 3510 Walp.
632 3447 698 3493 Anu.
710 3444 737 3493 ii.
751 3448 805 3500 323,
818 3453 843 3492 et
855 3445 918 3492 sorte
929 3444 958 3492 N.
967 3450 1102 3500 catacense,
1114 3445 1224 3510 Philippi
1238 3445 1265 3494 in
1276 3444 1386 3504 In'nnaea,
1398 3463 1456 3496 xxx.
1472 3452 1528 3499 192.

167 3528 201 3576 91
218 3530 247 3576 A.
259 3542 405 3591 camporum,
416 3525 509 3574 Gardn.
522 3525 652 3590 (bbipcron
663 3539 809 3587 ramponem,
822 3521 876 3570 8611.
885 3522 941 3586 Bip.
952 3523 978 3570 iu
991 3523 1068 3571 Herb.
1081 3523 1201 3588 Petrop.)‚
1214 3540 1267 3572 cum
1279 3525 1430 3589 speciebus2
1443 3528 1527 3575 Brasi-

132 3605 254 3655 liensibus
268 3605 392 3662 affinibus,
409 3605 548 3654 Heterestro
560 3601 646 3652 affines
661 3602 784 3657 videntur,
799 3602 954 3649 involucrum
972 3608 1055 3649 tamen
1074 3599 1157 3649 minus
1176 3600 1333 3651 imbricatum
1351 3611 1374 3651 et
1388 3605 1447 3667 styli
1461 3607 1485 3653 tl.
1505 3609 1522 3664 6

131 3686 194 3734 rann
214 3685 238 3734 in
251 3684 427 3750 speciminibus
444 3684 537 3733 nostris
554 3682 665 3732 subulati
677 3678 929 3743 conterruminatique
942 3680 1064 3736 ridentur,
1074 3696 1149 3743 quare
1161 3679 1273 3729 acbaenia
1283 3680 1345 3728 disci
1357 3677 1528 3731 verisimiliter

132 3765 236 3814 ster-ilia.
271 3765 388 3829 capitula
405 3760 533 3812 fructifera
550 3769 631 3811 tamen
645 3761 717 3811 nobis
728 3759 819 3808 desunt
830 3766 855 3807 et
866 3758 987 3807 incertum
999 3765 1111 3807 remanet
1123 3775 1154 3806 an
1167 3758 1301 3807 sectionem
1312 3760 1423 3808 formant
1434 3764 1528 3810 Asterie

131 3858 154 3892 r.
167 3843 288 3908 adgenus
300 3844 409 3893 alienum
421 3840 544 3891 referendi
555 3843 621 3890 sunt.
655 3836 1074 3888 Achaeniadensosericeo-villosa.
1108 3836 1375 3902 Pappisetaecopiosae
1386 3840 1485 3888 Asterie.

167 3926 204 3972 19.
227 3923 366 3988 lbipoliam.
401 3920 527 3970 Involucri
544 3916 712 3984 campanulsti
730 3919 835 3966 bracteae
857 3932 941 3981 psucae
960 3917 1158 3973 membranacea
1177 3917 1311 3965 exteriores
1331 3916 1454 3978 gradatim
1472 3919 1528 3967 bre-

130 4001 221 4051 viores.
255 4002 372 4052 Achaenia
384 4016 531 4065 compressa,
541 4000 662 4048 interiora
674 3996 800 4047 interdum
809 3997 905 4045 sterilia
915 4015 921 4054 ;
940 3997 1014 4061 pappi
1028 4004 1086 4045 66116
1096 3996 1257 4053 tenuissimae,
1269 3995 1382 4060 copiosae,
1391 4010 1478 4059 pamm
1488 3997 1527 4045 in·

129 4082 246 4145 aequales.
279 4081 350 4131 Folia
361 4088 476 4144 angusta
512 4079 629 4143 Capitula
646 4078 797 4141 corymbosa
833 4078 932 4141 Species
943 4077 1016 4126 unica
1027 4076 1133 4141 Europe
1144 4077 1258 4138 Asiaeque
1276 4082 1419 4138 temperatae
1436 4066 1525 4132 incola,

129 4161 221 4225 soepins
232 4162 366 4210 maritima.
400 4160 468 4225 Jeep.
481 4160 551 4208 Hert.
570 4158 641 4208 Viad.
654 4163 671 4207 1.
685 4162 706 4206 8.
741 4155 836 4205 11616111.
855 4157 887 4205 lc.
901 4155 937 4205 rt.
955 4156 1032 4204 Germ.
1047 4161 1064 4204 t.
1083 4159 1137 4208 967.
1172 4155 1326 4209 Tareorntru,
1344 4154 1408 4210 libes,
1426 4154 1484 4204 Oen.
1502 4161 1526 4203 et

131 4240 174 4304 Sp.
187 4243 239 4290 Ast.
255 4245 308 4297 162,
326 4241 378 4290 DC.
395 4239 468 4289 Prod.
480 4254 503 4288 v.
517 4241 573 4294 263,
585 4236 666 4301 quoad
679 4236 785 4301 speciem
803 4234 919 4298 typicam.
954 4233 1089 4297 Ligulaein
1100 4234 1146 4282 hac
1157 4233 1323 4297 speciequam
1341 4233 1448 4281 maxime
1460 4233 1525 4281 rari·

127 4321 210 4369 sbiles
222 4321 312 4386 saepius
324 4335 414 4384 peueae,
427 4334 492 4368 nunc
503 4318 608 4381 copiosae
620 4317 699 4378 (ultra
712 4318 755 4378 26)
767 4314 846 4376 longae
858 4314 956 4377 lateque
968 4323 1090 4378 potentes,
1104 4328 1169 4360 nunc
1181 4327 1309 4375 perpaucae
1318 4328 1339 4360 r.
1353 4312 1427 4376 plane
1435 4312 1518 4361 nullae.

164 4404 202 4448 11.
224 4399 411 4466 Orytripolium,
421 4398 490 4446 Torr.
499 4405 524 4445 et
533 4398 577 4445 Gr.
595 4394 720 4445 lnvolucri
727 4392 894 4457 campanulati
904 4393 1008 4440 bractea·
1014 4391 1163 4447 cesenates,
1175 4398 1295 4455 angustae,
1308 4398 1393 4446 acutae,
1401 4390 1521 4453 n‘gidulae,

128 4479 262 4527 exteriores
282 4478 404 4541 gradatim
424 4476 558 4526 breviores.
592 4473 708 4522 Achaenia
725 4487 872 4536 compressa,
885 4471 1001 4535 utrinque
1019 4477 1064 4519 aut
1082 4485 1129 4518 una
1146 4468 1207 4517 16616
1228 4469 1352 4526 l·nervia;
1371 4469 1445 4532 pappi
1463 4475 1522 4517 setes

128 4574 217 4622 parum
228 4556 369 4622 inaequales.
404 4555 523 4619 capitula
540 4554 597 4602 laxe
612 4553 758 4615 corymbosa
776 4567 797 4599 v.
816 4550 965 4615 paniculata,
984 4547 1074 4612 saepius
1093 4548 1189 4597 minora
1209 4565 1283 4612 quam
1303 4547 1328 4596 in
1350 4548 1521 4596 Ortlemeride.

127 4638 226 4702 Species
237 4637 269 4686 ad
282 4641 304 4694 6,
318 4634 436 4684 Amorion
447 4633 569 4697 imprimis
580 4631 698 4681 australis
716 4630 887 4693 extmtrcpieae
904 4629 996 4684 incola,
1010 4644 1060 4676 uua
1077 4636 1161 4676 tamen
1178 4643 1222 4691 per
1239 4627 1378 4675 Americam
1397 4627 1523 4687 borealem

127 4716 310 4780 australemque
321 4715 443 4763 latissime
454 4713 573 4777 dispersa.
601 4711 718 4759 Turrem
731 4716 789 4758 sect.
806 4709 993 4774 Oxytripelium,
1003 4706 1054 4756 Dc.
1064 4707 1138 4755 Prod.
1150 4722 1173 4754 v.
1186 4708 1242 4763 263,
1250 4705 1361 4770 Philippi
1373 4705 1399 4754 iu
1412 4705 1526 4762 Linnaea,

127 4797 214 4846 xxxiii.
230 4799 291 4852 129;
308 4793 441 4842 2666116616
452 4792 588 4843 artereidec.
601 4790 670 4840 Colla
684 4789 709 4838 in
722 4789 797 4837 Mem.
811 4788 886 4836 Acad.
900 4787 958 4835 Tur.
971 4785 1074 4834 xxxviii.
1088 4795 1106 4834 t.
1120 4789 1159 4834 25.

163 4880 201 4924 12.
223 4873 351 4923 Galatella.
387 4871 544 4920 Involucrum
557 4870 667 4919 acbeenia
679 4876 704 4918 et
715 4884 811 4933 pappus
827 4864 1222 4921 01116661161666611161611611ἱί
1236 4864 1325 4928 secpim
1343 4864 1439 4912 steriles
1456 4865 1523 4926 stylo

126 4956 273 5020 imperfecto
286 4971 308 5004 v.
321 4951 579 5007 omninoabortiente,
590 4949 656 5013 quod
667 4947 749 4997 rarius
762 4947 788 4996 in
804 4945 968 4996 orthaea-ide
980 4944 1135 4993 observatur.
1168 4943 1241 4992 Folia
1256 4951 1371 5011 angusta.
1407 4942 1523 5005 Capitula

163 5064 226 5104 vot..
243 5065 275 5102 11.
1365 5051 1381 5086 Τ
