3486 5602
171 337 380 410 Amatam]
631 337 830 392 LXXXVIII.
864 336 1105 392 OOMPOSI'I'AE
1516 337 1570 394 427

203 481 325 538 Pacorus,
337 479 409 530 Lhcr.
429 479 494 528 Dies.
506 495 536 528 es
547 478 600 528 De.
612 478 686 528 Prod.
700 478 732 527 vi.
748 482 794 529 135
807 477 976 542 (armum,
993 477 1061 539 Dees.
1079 480 1107 526 in
1118 479 1171 526 Act.
1187 475 1238 525 Soc.
1252 476 1318 526 Hist.
1329 477 1387 527 Not.
1400 478 1460 526 Par.
1476 483 1496 526 1.
1511 483 1528 528 t.
1550 484 1570 538 1,

171 560 230 609 ecel.
242 559 273 609 B.
284 557 394 623 mmm),
407 575 422 607 a
436 556 624 622 Chryecnlhemo
636 557 804 621 distinguitur
821 556 907 620 ligulis
925 555 1099 605 deficientibus
1108 575 1114 614 ;
1133 556 1290 605 involucrum
1307 562 1391 606 tamen
1408 558 1571 621 explanatum

171 637 277 690 bracteis
296 636 364 701 apice
384 636 435 685 late
453 636 569 686 scariosis
589 643 615 684 et
632 636 733 686 habitus
755 634 942 702 Chrewctthsmi
960 651 1004 684 nec
1020 636 1140 684 Tartessii.
1176 635 1206 683 In
1224 635 1255 683 B.
1264 633 1427 701 praeditione,
1439 636 1508 685 Deus.
1521 637 1538 685 l.
1550 653 1571 685 c.

172 726 199 768 et
209 718 240 767 B.
256 713 422 782 cymatifohh,
440 715 510 765 Dest‘.
528 714 709 779 (Chrysoroas,
720 716 791 778 Jacq.
803 715 877 764 Hert.
890 714 1017 763 Schoenbr.
1029 721 1048 762 t.
1062 714 1130 777 368),
1142 729 1240 778 pappus
1256 713 1452 764 surIculiforrnis
1463 731 1486 765 v.
1499 714 1572 764 dimi-

171 795 255 844 diatus
265 800 295 843 ut
307 794 333 842 in
347 791 544 856 Chrysanthennis
556 793 691 850 nonnullis,
704 800 728 841 et
738 793 768 841 B.
782 791 942 858 nqerotisolioe
953 793 1061 841 varietas
1080 792 1179 841 radiata
1197 792 1224 840 in
1235 792 1316 840 hortis
1334 792 1394 840 olim
1413 792 1439 841 ni
1459 793 1573 842 fallimur

171 874 240 924 culta
248 872 304 921 fuit
329 872 359 920 B.
372 874 476 936 acesto,
488 871 559 920 Desf.
572 870 680 934 (Catule,
692 872 762 934 Jscq.
775 871 834 920 Obs.
849 881 867 919 t.
880 875 920 929 81,
935 870 1159 936 chrysanthemum,
1171 871 1222 919 All.
1234 871 1273 919 Fl.
1285 870 1346 920 Ped.
1359 878 1376 920 t.
1392 871 1442 934 11),
1454 872 1572 921 aohaeniis

171 950 250 1002 calvis
261 958 300 1000 est
311 966 343 998 ex
354 949 371 998 J
373 987 379 998 .
391 950 448 1012 Gay
458 948 567 1014 aliisque
578 950 687 998 varietas
698 948 825 997 ‹liscoidea
839 950 863 998 0.
876 949 1054 998 manchus.

208 1029 234 1079 C.
245 1027 409 1083 emmaum.
423 1025 474 1076 De.
488 1044 519 1076 ex
530 1027 616 1076 Africa
635 1027 742 1076 australi
759 1036 798 1075 est
812 1026 907 1091 species
918 1028 973 1077 basi
986 1029 1133 1085 brutescens,
1145 1026 1350 1093 Arqyreathcmis
1361 1027 1452 1083 affinis,
1461 1033 1570 1091 recepta·

171 1107 228 1156 calo
245 1113 330 1156 temen
349 1105 449 1154 demum
468 1105 554 1158 conice
573 1121 702 1170 puppeque
725 1105 840 1168 elongato
857 1105 1039 1154 auriculisormi
1061 1122 1084 1155 v.
1105 1106 1182 1154 latere
1201 1105 1320 1154 interiore
1338 1107 1397 1153 fisso
1417 1105 1571 1155 Matricem

170 1184 304 1244 medena
320 1183 432 1234 schania
444 1185 510 1235 utin
524 1184 650 1250 Pyrethris
666 1183 782 1247 plurimis
802 1183 980 1247 subaequaliter
995 1188 1152 1233 4-hcostata
1165 1193 1190 1232 et
1202 1184 1355 1233 involucrum
1368 1183 1469 1232 omnino
1483 1183 1570 1248 Chrys·

170 1262 286 1313 cathensi.
323 1263 348 1313 0.
366 1264 511 1320 mnesides,
529 1263 607 1312 Harv.
619 1279 651 1310 ex
661 1262 749 1312 Africa
768 1262 875 1311 australi
893 1279 948 1311 curn
968 1262 1152 1312 Leucaathemis
1170 1262 1286 1312 convenit
1303 1262 1394 1311 habitu
1412 1269 1438 1310 et
1453 1262 1571 1313 achseniis

170 1343 257 1401 calvis,
270 1340 314 1391 ssd
325 1348 400 1392 costas
412 1343 450 1406 (in
463 1341 573 1392 schania
586 1341 730 1402 immaturo)
743 1341 872 1404 pauciores
883 1340 1082 1405 irregularesquo
1092 1342 1217 1392 videntur.

203 1421 234 1470 E.
253 1421 348 1485 Species
357 1436 472 1485 mnes
483 1420 656 1478 Achilleoideoe,
668 1419 782 1468 schrisize
793 1418 917 1483 pyrethri,
930 1419 1047 1484 capitulis
1061 1420 1196 1470 sunalbus
1207 1419 1358 1484 corymbo-sis,
1368 1419 1453 1486 ligula
1461 1419 1571 1470 ὁνιυὶὺω

171 1514 238 1547 nanc
249 1497 395 1547 &mamis
406 1499 652 1563 (amoenare).

204 1577 386 1634 amcam,
401 1577 468 1627 Cass.
480 1578 545 1625 Dict.
557 1593 598 1625 xx.
609 1580 663 1634 119,
675 1576 859 1626 characteribus
871 1592 947 1641 supra
958 1575 1026 1625 datis
1041 1577 1256 1643 chrysanthemum
1268 1594 1324 1628 cum
1332 1577 1440 1627 Achillae
1451 1583 1477 1626 et
1492 1577 1571 1626 Tenc·

170 1661 221 1705 cde
235 1655 329 1720 jungit.
362 1655 463 1720 SpecIes
480 1655 607 1706 nonnulla
629 1655 661 1704 ab
684 1654 800 1704 Achilleis
822 1655 951 1704 nonnullis
973 1671 1129 1720 nequaquam
1151 1656 1335 1720 distinguenda
1352 1657 1401 1706 nisi
1420 1656 1572 1720 receptaculi

170 1734 299 1798 palearum
316 1734 440 1783 absentia.
474 1735 497 1782 A
519 1732 767 1782 Tenacetcdiffernnt·
785 1733 887 1782 floribus
907 1737 924 1795 ῼ
942 1733 1030 1798 ligulis
1047 1734 1094 1783 etsi
1111 1735 1197 1798 parvis
1214 1735 1447 1800 plano-patentibus
1462 1733 1571 1793 donetis,

171 1826 215 1860 nec
226 1811 350 1861 tubulosis
362 1812 477 1875 styloque
486 1811 649 1860 brevioribus.
685 1811 737 1859 Ubi
755 1820 838 1860 tamen
847 1812 922 1860 flores
931 1815 946 1873 ῼ
955 1811 1047 1860 desunt
1054 1812 1129 1876 (quod
1138 1813 1164 1861 in
1172 1813 1292 1862 varietate
1299 1813 1425 1862 discoidea
1433 1813 1571 1877 specierum

171 1905 304 1953 panoernm
320 1889 505 1955 Chrysanthiani
521 1890 681 1953 observatur)
698 1890 827 1939 character
838 1899 919 1939 certus
932 1890 1064 1948 evanescu,
1083 1877 1108 1939 et
1124 1889 1254 1940 distinctio
1267 1908 1297 1940 ox
1309 1892 1398 1942 habitu
1410 1907 1434 1940 v.
1446 1909 1460 1941 c
1471 1891 1571 1941 charac-

170 1968 267 2018 teribus
277 1969 421 2018 accessoriis
432 1968 539 2033 potenda
550 1975 596 2017 est

206 2103 266 2155 530.
289 2111 483 2162 nantoatis,
496 2067 585 2154 hiena
602 2100 667 2154 Gen.
683 2120 711 2154 n.
728 2099 961 2169 een-capitula
978 2099 1167 2170 heterognmn,
1187 2103 1305 2170 radiata,
1326 2103 1442 2157 floribus
1454 2105 1527 2157 radii
1544 2112 1562 2173 ῼ

171 2184 312 2238 fertilibus
342 2183 530 2252 sterilibusve‚
555 2184 625 2236 disci
645 2183 664 2258 Q
684 2184 814 2238 omnibus
833 2183 997 2252 plurimisve
1022 2185 1173 2251 fertilibus,
1197 2204 1222 2239 v.
1246 2187 1337 2240 rarius
1356 2188 1435 2240 radio
1455 2189 1572 2241 minimo

171 2265 344 2319 disciformia
360 2284 386 2319 v.
409 2265 741 2336 deficiente'homogoma.
782 2266 964 2320 Involucrum
976 2267 1229 2336 hemisphaerium,
1241 2269 1361 2322 bracteis
1380 2270 1572 2338 parreiseriatis

171 2349 325 2402 imbricatis
343 2350 482 2417 oppressis
494 2349 597 2418 saepius
609 2351 740 2403 scarioso-
751 2369 777 2404 v.
791 2350 1056 2420 fusco-marginatis,
1071 2351 1258 2405 exterioribus
1270 2370 1370 2421 parum
1383 2354 1568 2407 brevioribus.

171 2431 392 2500 Receptaculum
404 2431 649 2503 hemisphaericum
661 2434 788 2486 conicum
808 2452 832 2487 v.
856 2434 1028 2503 elongatum,
1048 2434 1189 2488 rarissime
1213 2435 1570 2506 plano-convexiusculum,

171 2513 289 2566 nudum.
329 2513 447 2567 Corollae
468 2522 485 2583 ῼ
506 2515 640 2584 ligulatae,
655 2516 760 2568 lamina
772 2516 901 2586 elongata
913 2520 1029 2584 patente
1049 2517 1212 2585 subintcgra
1224 2535 1250 2570 v.
1272 2519 1363 2573 rarius
1387 2519 1522 2583 minima3
1544 2518 1563 2588 Q

170 2596 319 2665 regulares,
334 2597 404 2650 tubo
411 2602 502 2651 terete
514 2616 541 2652 v.
553 2599 685 2668 ancipite,
695 2599 782 2652 limbo
794 2617 894 2668 parurn
907 2600 1040 2668 ampliato
1053 2599 1131 2668 apice
1140 2600 1404 2664 breviter4-bfido.
1435 2602 1571 2656 Antherae

169 2679 231 2732 basi
254 2679 362 2732 obtusse
381 2681 505 2749 integrae
546 2681 618 2750 Styli
643 2682 669 2734 u
693 2680 713 2751 Q
733 2683 804 2735 rami
827 2683 905 2751 apice
929 2684 1053 2736 truncati
1071 2683 1234 2752 penicillati.
1274 2685 1410 2737 thaenis
1439 2684 1568 2754 oblonga,

171 2780 244 2831 slepe
262 2763 387 2829 incurva,
402 2768 543 2833 nuneata,
570 2765 641 2818 facie
666 2765 800 2820 interiore
819 2766 903 2819 costis
916 2767 969 2820 3·5
981 2766 1149 2834 prominulis
1168 2767 1266 2820 messis
1283 2767 1418 2821 tenuibus
1436 2786 1461 2822 v.
1485 2769 1571 2821 inter·

171 2846 239 2898 dum
257 2845 392 2899 subalatis
405 2865 545 2916 percursa,
566 2848 649 2900 dorso
661 2866 786 2902 convexa
804 2849 957 2902 rotundatu
969 2867 994 2902 v.
1012 2849 1198 2916 nubem-insta,
1219 2851 1297 2917 apice
1321 2851 1400 2904 calva
1419 2869 1442 2904 v.
1459 2851 1490 2903 in
1502 2868 1570 2920 pap

170 2946 238 2998 pum
250 2929 365 2982 brevem
377 2931 593 2984 coroniformern
606 2949 631 2984 v.
654 2931 835 2985 dimidiatum
847 2932 1139 3001 producta—Herba
1151 2950 1253 2986 annuae
1271 2951 1295 2986 v.
1313 2951 1459 3002 perennes,
1474 2952 1570 3003 grave·

171 3012 279 3066 olentes
291 3030 317 3065 v.
338 3012 473 3066 inodorse.
512 3013 593 3067 Folia
611 3014 729 3082 alterna,
750 3015 836 3068 semel
856 3015 899 3068 bis
923 3016 1216 3084 tervepinnatisecta,
1243 3016 1394 3084 segmentis
1417 3017 1572 3070 hnearibus

171 3111 197 3148 v.
213 3095 399 3148 filiformibns.
439 3095 570 3164 Capituls
588 3114 676 3165 parva
688 3115 713 3150 v.
729 3098 889 3166 mediocria,
904 3098 1047 3166 adspices
1064 3115 1206 3151 ramorum
1228 3098 1426 3166 pedunculsta,
1448 3100 1574 3153 solitaria

171 3195 197 3231 v.
212 3179 303 3231 rarius
315 3179 487 3247 corymbosa.
527 3180 646 3234 Corollae
659 3181 821 3248 radiinlhae,
836 3181 1005 3234 dhoiflavee.
1040 3181 1175 3234 Achaenia
1186 3181 1292 3249 glabra,
1307 3199 1381 3250 saepe
1393 3183 1470 3236 inter
1481 3187 1573 3236 costas

170 3261 251 3314 faciei
263 3262 443 3322 interior-inv.
460 3262 543 3316 dorso
560 3280 648 3333 prope
661 3265 768 3332 apicem
786 3263 927 3332 glandulis
940 3282 990 3318 seu
1009 3265 1140 3318 vericulis
1152 3263 1253 3318 oleosis
1271 3267 1288 3317 2
1306 3270 1413 3333 notam,
1428 3266 1573 3319 interdum

170 3348 329 3399 transvem
347 3346 488 3414 rugnlosa.
520 3395 524 3399 ,

203 3442 303 3508 Species
322 3443 353 3491 ad
373 3447 412 3500 20,
430 3459 535 3508 quarum
556 3446 621 3493 9-10
639 3443 807 3508 hemisphaerii
829 3444 937 3493 borealis
950 3444 1019 3492 orbis
1031 3445 1124 3493 veteris
1141 3444 1235 3502 incolae,
1254 3451 1279 3494 et
1296 3462 1326 3494 ex
1342 3446 1416 3495 his-2
1435 3447 1509 3495 etiam
1528 3464 1574 3510 por

170 3522 311 3570 AmerIcam
326 3523 449 3571 borealem
466 3521 590 3587 imprimis
603 3522 781 3571 occidentalem
798 3522 918 3586 dispersa
930 3530 955 3571 et
966 3522 1025 3570 hinc
1037 3522 1095 3571 inde
1107 3523 1133 3570 in
1145 3523 1204 3571 aliis
1221 3524 1364 3586 regionibns
1382 3525 1519 3589 inquilinae,
1540 3530 1569 3573 ll

170 3597 282 3648 Africam
298 3601 436 3648 australem
453 3598 578 3649 habitant.
613 3601 665 3649 DC.
685 3601 758 3648 Pron.
774 3600 806 3647 ri.
825 3604 872 3657 503
890 3600 933 3648 rii.
952 3603 1009 3653 297.
1048 3599 1125 3664 Wclp.
1139 3601 1199 3664 nep.
1215 3601 1248 3649 ri.
1265 3605 1326 3653 194:
1343 3605 1409 3651 Ana.
1428 3604 1444 3651 i.
1463 3608 1526 3659 42ος
1544 3619 1569 3652 v.

170 3680 227 3728 24⁶.
261 3679 339 3729 Horo.
352 3685 374 3727 et
388 3680 461 3728 send.
474 3678 513 3731 ΡΙ.
528 3679 586 3745 Gap.
598 3678 634 3728 iii.
651 3683 705 3728 164.
739 3677 1250 3745 Deles.10.sel.iv.t.4s(Tanacetum).
1286 3679 1381 3731 Reichb.
1394 3681 1474 3731 Issa.
1487 3683 1568 3732 (ι’σνυι.

171 3761 189 3805 t.
202 3759 259 3810 997.

203 3835 386 3893 Onuourru,
398 3837 424 3886 O.
433 3837 508 3886 Koch.
516 3840 544 3885 in
554 3837 662 3893 Manca,
671 3836 730 3885 xvii.
741 3841 780 3892 th,
795 3837 872 3899 Welp.
886 3836 945 3900 Rep.
954 3835 980 3885 ii.
991 3839 1047 3895 636,
1055 3851 1111 3885 non.
1124 3837 1206 3894 θοᾶν,
1214 3837 1322 3886 includit
1331 3836 1366 3886 M.
1378 3837 1569 3897 Ohnmomihlom,

170 3911 252 3970 Lina..
265 3920 292 3963 et
303 3914 338 3962 M.
350 3915 501 3971 discoidecm,
520 3913 579 3970 Dc,
594 3915 685 3978 quibus
696 3914 802 3972 viniani,
815 3914 928 3963 Roissier
941 3913 1033 3978 aliique
1053 3915 1167 3963 nonnulli
1188 3930 1266 3978 genus
1278 3915 1433 3964 Liuneenum
1448 3916 1568 3966 limitant.

170 3989 362 4054 Receptacnlum
375 3993 400 4040 in
413 3992 453 4041 his
464 3993 576 4041 conicum
588 3993 659 4041 valde
679 3994 809 4051 elevatum,
822 4001 848 4042 et
859 3992 971 4042 achaenia
983 3993 1122 4042 subteretia
1133 4010 1156 4042 v.
1168 4010 1183 4041 a
1195 3994 1274 4042 latere
1289 3993 1518 4058 compressiuscnls,
1531 3995 1569 4044 in·

170 4075 211 4118 tus
223 4085 310 4119 versus
320 4070 380 4134 plus
388 4070 471 4120 minus
480 4070 597 4120 distincte
604 4075 736 4130 beostata,
748 4073 823 4121 costis
831 4080 915 4122 minen
928 4076 942 4121 3
955 4072 1035 4121 multo
1046 4072 1127 4136 magis
1138 4072 1295 4138 prominulis.
1330 4073 1456 4123 involucri
1465 4073 1570 4123 bracteas

169 4147 361 4205 rub-2·seriatae‚
373 4164 446 4212 qnam
455 4149 480 4197 in
493 4150 586 4198 ceteris
598 4149 728 4214 speciebus
739 4150 819 4214 magis
831 4151 953 4200 soanosae.
987 4151 1107 4200 Achaenis
1120 4151 1216 4200 variant
1228 4151 1298 4200 calva
1309 4168 1333 4200 v.
1344 4167 1472 4216 papposs;
1488 4152 1570 4201 forma

169 4241 281 4290 papposa
292 4235 330 4275 est
342 4227 519 4285 Consum,
533 4227 586 4276 Sch.
600 4229 657 4292 Bip.
669 4231 696 4277 in
714 4226 789 4278 Webh.
801 4229 873 4294 Phyt.
889 4229 978 4278 Ccnar.
992 4228 1019 4278 ii.
1032 4232 1112 4287 276,ι
1131 4233 1171 4278 89.

202 4303 483 4367 Tarruusosrmurs,
497 4304 551 4354 ach.
563 4306 737 4370 Baranam.
751 4311 790 4366 31,
809 4307 886 4371 Walp.
899 4308 960 4372 hiep,
969 4307 1001 4356 vi.
1018 4311 1078 4365 196;
1095 4310 1161 4356 Ana.
1174 4307 1190 4357 i.
1199 4311 1254 4364 420,
1265 4307 1372 4356 Includit
1384 4308 1420 4357 hl.
1433 4310 1568 4368 haederam,

168 4379 251 4440 Linn,
264 4391 290 4431 et
300 4382 337 4431 Μ.
347 4382 519 4446 dixsyornum,
532 4383 593 4442 Dc,
605 4383 759 4449 receptaculo
771 4384 958 4449 hemisphaerion
969 4402 992 4434 v.
1006 4384 1132 4434 interdurn
1146 4385 1270 4450 subplano
1281 4401 1369 4450 parum
1382 4386 1478 4436 elevato
1487 4388 1569 4437 rarius

168 4457 267 4509 demum
284 4461 376 4519 conico,
388 4461 507 4511 achaeniis
519 4478 593 4527 quarn
606 4462 632 4511 in
645 4462 742 4512 esteris
757 4461 894 4527 majoribus
912 4464 986 4512 dorso
998 4479 1086 4528 parum
1098 4464 1214 4512 convexis
1226 4463 1300 4513 c'ostis
1317 4462 1388 4513 faciei
1407 4464 1535 4516 interioris
1553 4471 1567 4516 3

168 4539 261 4589 masis
271 4539 384 4590 elevatis.
417 4539 671 4599 Rnrrrnosrsnuuu,
685 4541 739 4591 Sch.
748 4542 806 4607 nep.
819 4544 847 4590 s'a
863 4541 937 4591 Webh.
950 4542 1021 4607 Phys.
1033 4542 1124 4592 Canon.
1135 4541 1163 4591 ii.
1177 4544 1233 4600 277,
1247 4549 1285 4591 est
1297 4542 1333 4592 hl.
1346 4543 1568 4594 icodercrarietss

168 4615 203 4679 (v.
215 4617 327 4668 schania
338 4619 472 4667 Immatura
484 4619 549 4668 male
561 4619 717 4685 exsiccatsl)
727 4620 845 4669 cahaniis
862 4626 1003 4670 transverse
1015 4620 1120 4684 rugosis.

201 4694 416 4756 Gssraosrrrvrr,
436 4697 490 4746 Sch.
503 4699 561 4763 Bip.
574 4701 599 4747 ia
618 4698 685 4747 chh
696 4698 768 4765 Phyt.
785 4700 873 4749 (itaer.
886 4698 912 4748 ii.
931 4701 987 4756 277,
1005 4699 1081 4764 Wclp.
1094 4700 1154 4765 Rep.
1167 4700 1199 4749 ri.
1221 4701 1267 4749 199
1284 4699 1494 4762 (Gssraosurun,
1514 4701 1568 4754 Sch.

168 4771 225 4838 sep.
242 4773 352 4823 Ibnacet.
366 4776 417 4837 29),
431 4775 524 4840 species
535 4791 628 4841 pancas
639 4774 745 4826 includit
756 4777 911 4840 receptaculo
922 4776 1015 4835 conice,
1027 4777 1144 4826 schaniis
1157 4777 1287 4827 3·costatis
1299 4777 1425 4842 pupposis.

201 4850 434 4909 Smmoeuarnrr,
454 4851 508 4902 Sch.
527 4854 585 4919 Bs'p.
609 4855 721 4903 Tenaces.
742 4858 781 4911 20,
806 4854 882 4919 Walp.
895 4855 956 4919 Rqr.
975 4855 1007 4903 vi.
1030 4858 1087 4913 207,
1108 4862 1146 4905 est
1165 4856 1202 4906 M.
1223 4854 1378 4922 nr'yellisols'a‚
1400 4856 1459 4914 Du,
1477 4857 1570 4922 specics

168 4930 394 4981 Aaronem·
406 4931 524 4982 schaniis
535 4932 598 4982 radii
611 4950 627 4981 a
638 4933 712 4983 dorso
723 4932 804 4996 magis
816 4932 963 4997 compressis
973 4932 1099 4983 dhtineun
